@misc{dnv_gl, title={66 kV systems for offshore wind farms}, url={https://www.dnvgl.com/publications/66-kv-systems-for-offshore-wind-farms-95138}, journal={DNV GL}}

@misc{rtds_tech_hardware, 
title = {{Simulator Hardware}},
author = {{RTDS Technologies}}, 
url = {https://knowledge.rtds.com/hc/en-us/articles/360037038514-Hardware-in-the-loop-Testing-for-Microgrids},
year = {2020}
}

@misc{powerfactory_tech, 
title = {User Manual, 2019},
author = {PowerFactory}, 
url = {http://79.101.33.142/DIgSILENT%20PowerFactory%202019%20User%20Manual/UserManual_2019_en.pdf}
}

@misc{rtds_tech, 
title = {{RSCAD Modules}}, 
author = {{{RTDS Technologies}}}, 
url = {https://knowledge.rtds.com/hc/en-us/articles/360037537653},
year = {2020}
}

@misc{noauthor_novacor_nodate_1, 
title = {{Novacor}}, 
author = {{{RTDS Technologies}}}, 
url = {https://knowledge.rtds.com/hc/en-us/articles/360034290474},
year = {2020}
}

@misc{noauthor_mmc_nodate_1, 
title = {{MMC Modeling}}, 
author = {{{RTDS Technologies}}}, 
url = {http://knowledge.rtds.com/hc/en-us/articles/360039628773},
year = {2020}
}

@article{alassi2019hvdc,
  title={{HVDC Transmission: Technology Review, Market Trends and Future Outlook}},
  author={Alassi, Abdulrahman and Ba{\~n}ales, Santiago and Ellabban, Omar and Adam, Grain and MacIver, Callum},
  journal={Renewable and Sustainable Energy Reviews},
  volume={112},
  pages={530--554},
  year={2019},
  publisher={Elsevier}
}

@misc{noauthor_pb5_nodate_1, 
title = {{PB5 Card}}, 
author = {{{RTDS Technologies}}}, 
url = {http://knowledge.rtds.com/hc/en-us/articles/360034285894},
year = {2020}
}

@article{lopes2012pv,
  title={{PV Hybrid mini-grids: applicable control methods for various situations}},
  author={Lopes, LAC and Katiraei, Farid and Mauch, Konrad and Vandenbergh, Michel and Arribas, Luis},
  journal={IEA PVPS Task},
  volume={11},
  year={2012}
}

@inproceedings{yu2016use,
  title={{Use of an inertia-less Virtual Synchronous Machine within future power networks with high penetrations of converters}},
  author={Yu, Mengran and Roscoe, Andrew J and Booth, Campbell D and Dysko, Adam and Ierna, Richard and Zhu, Jiebei and Urdal, Helge},
  booktitle={2016 Power Systems Computation Conference (PSCC)},
  pages={1--7},
  year={2016},
  organization={IEEE}
}

@article{christensen2020high,
  title={High Penetration of Power Electronic Interfaced Power Sources and the Potential Contribution of Grid Forming Converters},
  author={Christensen, Peter and Andersen, Gert Karmisholt and Seidel, Matthias and Bolik, Sigrid and Engelken, S{\"o}nke and Knueppel, Thyge and Krontiris, Athanasios and Wuerflinger, Klaus and B{\"u}lo, Thorsten and Jahn, J{\"o}rg and others},
  year={2020},
  publisher={European Network of Transmission System Operators for Electricity}
}

@article{misyris2020north,
  title={North Sea Wind Power Hub: System Configurations, Grid Implementation and Techno-economic Assessment},
  author={Misyris, Georgios and Van Cutsem, Thierry and M{\o}ller, Jakob and Dijokas, Matas and Estragu{\'e}s, Ona Renom and Bastin, Bertrand and Chatzivasileiadis, Spyros and Nielsen, Arne and Weckesser, Tilman and {\O}stergaard, Jacob and others},
  journal={arXiv preprint arXiv:2006.05829},
  year={2020}
}

@book{ali2012wind,
  title={Wind energy systems: solutions for power quality and stabilization},
  author={Ali, Mohd Hasan},
  year={2012},
  publisher={Crc Press}
}


\bibitem[Cory (2009)]{rtdshardware}
RTDS Technologies Inc.,
\newblock 
The simulator-Hardware,
\newblock 
[Online] Available:
\emph{\href{https://www.rtds.com/the-simulator/our-hardware/}{https://www.rtds.com/the-simulator/our-hardware/}}.

@mastersthesis{sethi_real-time_nodate-new,
  title={{Real-Time implementation for Gird Forming Control of Type-4 Wind Turbine to mitigate voltage and frequency instabilities in high renewable penetration.}},
  author={Sethi, Shubham},
  year={2019},
  school={NTNU}
}

@article{agreement2015unfccc,
  title={{Adoption of the Paris agreement. COP}},
  author={UNFCCC},
  journal={25th session Paris},
  volume={30},
  year={2015}
}

@techreport{dnv66kv,
  type = {Technical Brochure},
  title={{66 kV Systems for Offshore Wind Farms}},
  author={DNV.GL},
  year={2015},
}

@inproceedings{weise2019comparison,
  title={{Comparison of Selected Grid-Forming Converter Control Strategies for Use in Power Electronic Dominated Power Systems}},
  author={Weise, B and Korai, A and Constantin, A},
  booktitle={Proceedings of the 18th Wind Integration Workshop, Dublin, Ireland},
  pages={16--18},
  year={2019}
}

@article{duckwitz_operating_behavior,
  title={{Operational Behavior of the Virtual Synchronous Machine}},
  author={Duckwitz, Daniel and Welck, Friedrich and Gl{\"o}ckler, Christoph},
  journal={Fachtagung Netzregelung und Systemf{\"u}hrung},
  year={2017},
  publisher={VDE Verlag}
}

@book{manwell2010wind,
  title={{Wind Energy Explained: Theory, Design and Application}},
  author={Manwell, James F and McGowan, Jon G and Rogers, Anthony L},
  year={2010},
  publisher={John Wiley \& Sons}
}

@book{sharifabadi2016design,
  title={{Design, Control, and Application of Modular Multilevel Converters for HVDC Transmission Systems}},
  author={Sharifabadi, Kamran and Harnefors, Lennart and Nee, Hans-Peter and Norrga, Staffan and Teodorescu, Remus},
  year={2016},
  publisher={John Wiley \& Sons}
}

@phdthesis{ndreko2017offshore,
  title={{Offshore wind power plants with VSC-HVDC transmission: Grid code compliance optimization and the effect on high voltage ac transmission system}},
  author={Ndreko, M},
  year={2017},
  school={Delft University of Technology}
}

@techreport{wachal2014guide,
  type = {Technical Brochure},
  title={{Guide for the Development of Models for HVDC Converters in a HVDC grid}},
  language = {en},
  institution = {CIGRE Working Group B4.57},
  volume={4},
  pages={27-32},
  year={2014}
}

@techreport{cigre_B455,
  address = {},
  type = {Technical Brochure},
  title = {{HVDC Connection of Offshore Wind Power Plants}},
  language = {en},
  institution = {CIGRE Working Group B4.55},
  number = {619},
  year = {2015}
}

@article{vrana2013cigre,
  title={{The CIGRE B4 DC grid test system}},
  author={Vrana, Til Kristian and Yang, Yongtao and Jovcic, Dragan and Denneti{\`e}re, Sebastien and Jardini, Jose and Saad, Hani},
  journal={Electra},
  volume={270},
  number={1},
  pages={10--19},
  year={2013}
}

@techreport{abbreviewnew,
  address = {Geneva, Switzerland},
  type = {Corporate Technical Journal},
  title = {{{ABB review : Special report 60 years of HVDC}}},
  language = {en},
  number = {ISSN: 1013-3119},
  institution = {ABB},
  year = {2014}
}

@article{lescale2012parallelling,
  title={{Parallelling offshore wind farms HVDC ties on offshore side}},
  author={Lescale, VF and Holmberg, P and Ottersten, R and Hafner, Y},
  journal={Proceedings of CIGRE 2012},
  year={(2012)}
}

@book{irnawan2019planning,
  title={Planning and control of expandable multi-terminal VSC-HVDC transmission systems},
  author={Irnawan, Roni},
  year={2019},
  publisher={Springer Nature}
}

@techreport{cigre2005b4,
  address = {},
  type = {Technical Brochure},
  title = {{VSC Transmission}},
  language = {en},
  institution = {CIGRE Working Group B4.37},
  number = {269},
  year = {2005}
}


@phdthesis{saad2015modelisation,
  title={{MOD{\'E}LISATION ET SIMULATION D'UNE LIAISON HVDC DE TYPE VSC-MMC}},
  author={Saad, Hani Aziz},
  year={2015},
  school={{\'E}cole Polytechnique de Montr{\'e}al}
}

@book{kothari2003modern,
  title={Modern power system analysis},
  author={Kothari, Dwarkadas Pralhaddas and Nagrath, IJ},
  year={2003},
  publisher={Tata McGraw-Hill Education}
}

@article{peralta2012detailed,
  title={{Detailed and Averaged Models for a 401-level MMC-HVDC system}},
  author={Peralta, Jaime and Saad, Hani and Denneti{\`e}re, S{\'e}bastien and Mahseredjian, Jean and Nguefeu, Samuel},
  journal={IEEE Transactions on Power Delivery},
  volume={27},
  number={3},
  pages={1501--1508},
  year={2012},
  publisher={IEEE}
}

@article{markovic2018lqr,
  title={{LQR-Based Adaptive Virtual Synchronous Machine for Power Systems with High Inverter Penetration}},
  author={Markovic, Uros and Chu, Zhongda and Aristidou, Petros and Hug, Gabriela},
  journal={IEEE Transactions on Sustainable Energy},
  volume={10},
  number={3},
  pages={1501--1512},
  year={2018},
  publisher={IEEE}
}

@article{he2017simple,
  title={{A simple decentralized islanding microgrid power sharing method without using droop control}},
  author={He, Jinwei and Pan, Yiwei and Liang, Beihua and Wang, Chengshan},
  journal={IEEE Transactions on Smart Grid},
  volume={9},
  number={6},
  pages={6128--6139},
  year={2017},
  publisher={IEEE}
}

@inproceedings{bouzid2016simulation,
  title={Simulation of droop control strategy for parallel inverters in autonomous AC microgrids},
  author={Bouzid, Allal El Moubarek and Sicard, Pierre and Yamane, Amine and Paquin, Jean-Nicolas},
  booktitle={2016 8th International Conference on Modelling, Identification and Control (ICMIC)},
  pages={701--706},
  year={2016},
  organization={IEEE}
}

@article{liu2017control,
  title={{Control of VSC-HVDC Connected Offshore Windfarms for Providing Synthetic Inertia}},
  author={Liu, Xudan and Lindemann, Andreas},
  journal={IEEE Journal of Emerging and Selected Topics in Power Electronics},
  volume={6},
  number={3},
  pages={1407--1417},
  year={2017},
  publisher={IEEE}
}

@article{gnanarathna2010efficient,
  title={Efficient Modeling of Modular Multilevel HVDC Converters (MMC) on Electromagnetic Transient Simulation Programs},
  author={Gnanarathna, Udana N and Gole, Aniruddha M and Jayasinghe, Rohitha P},
  journal={IEEE Transactions on power delivery},
  volume={26},
  number={1},
  pages={316--324},
  year={2010},
  publisher={IEEE}
}